<record><leader>00000cas a22000007a 4500</leader><controlfield tag="001">17999105</controlfield><controlfield tag="008">880525d19801981msumr ne      0    0eng d</controlfield><datafield ind1=" " ind2=" " tag="010"><subfield code="a">sn 88067154 </subfield></datafield><datafield ind1=" " ind2=" " tag="040"><subfield code="a">MSJ</subfield><subfield code="b">eng</subfield><subfield code="c">MSJ</subfield><subfield code="d">OCLCQ</subfield></datafield><datafield ind1=" " ind2=" " tag="042"><subfield code="a">msc</subfield></datafield><datafield ind1="0" ind2="4" tag="245"><subfield code="a">The Mississippi concerned citizen.</subfield></datafield><datafield ind1=" " ind2=" " tag="260"><subfield code="a">Jackson, Miss. :</subfield><subfield code="b">Quest Pub. Co.,</subfield><subfield code="c">1980-1981.</subfield></datafield><datafield ind1=" " ind2=" " tag="310"><subfield code="a">Monthly</subfield></datafield><datafield ind1="0" ind2=" " tag="362"><subfield code="a">Vol. 2, no. 11 (Nov. 1980)-v. 3, no. 2 (Feb. 1981).</subfield></datafield><datafield ind1=" " ind2=" " tag="752"><subfield code="a">United States</subfield><subfield code="b">Mississippi</subfield><subfield code="c">Hinds</subfield><subfield code="d">Jackson.</subfield></datafield><datafield ind1="0" ind2="0" tag="780"><subfield code="t">Quest (Jackson, Miss.)</subfield><subfield code="w">(OCoLC)17999215</subfield></datafield><datafield ind1="0" ind2="0" tag="785"><subfield code="t">Concerned citizen</subfield><subfield code="w">(OCoLC)17999020</subfield></datafield></record>